<record><leader>00000cas a22000007a 4500</leader><controlfield tag="001">12793516</controlfield><controlfield tag="008">851114d19681972njudn ne      0    0eng d</controlfield><datafield ind1=" " ind2=" " tag="010"><subfield code="a">sn 85036085 </subfield></datafield><datafield ind1=" " ind2=" " tag="040"><subfield code="a">NPA</subfield><subfield code="b">eng</subfield><subfield code="c">NPA</subfield><subfield code="d">NJW</subfield><subfield code="d">OCLCQ</subfield></datafield><datafield ind1=" " ind2=" " tag="042"><subfield code="a">msc</subfield></datafield><datafield ind1="0" ind2=" " tag="130"><subfield code="a">Daily observer (Brick Town, N.J. : 1968)</subfield></datafield><datafield ind1="1" ind2="0" tag="245"><subfield code="a">Daily observer.</subfield></datafield><datafield ind1=" " ind2=" " tag="260"><subfield code="a">Brick Town, N.J. :</subfield><subfield code="b">Seacoast Publications,</subfield><subfield code="c">-1972.</subfield></datafield><datafield ind1=" " ind2=" " tag="300"><subfield code="a">v. :</subfield><subfield code="b">ill. ;</subfield><subfield code="c">58 cm.</subfield></datafield><datafield ind1=" " ind2=" " tag="310"><subfield code="a">Daily (except Sat. and Sun.)</subfield></datafield><datafield ind1="1" ind2=" " tag="362"><subfield code="a">Began in 1968?</subfield><subfield code="z">Cf. Wright, W.C. and Stellhorn, P.A. Direct. of N.J. newspapers.</subfield></datafield><datafield ind1="0" ind2=" " tag="362"><subfield code="a">-v. 32, no. 10 (Jan. 14, 1972).</subfield></datafield><datafield ind1=" " ind2=" " tag="530"><subfield code="a">Also issued on microfilm by Norton Micro Images.</subfield></datafield><datafield ind1=" " ind2=" " tag="580"><subfield code="a">Merged with: New Jersey courier; Ocean County sun; and: Advertiser, to form: Observer courier-sun.</subfield></datafield><datafield ind1=" " ind2=" " tag="588"><subfield code="a">Description based on: Vol. 29, no. 10 (Jan. 2, 1969).</subfield></datafield><datafield ind1=" " ind2=" " tag="752"><subfield code="a">United States</subfield><subfield code="b">New Jersey</subfield><subfield code="c">Ocean</subfield><subfield code="d">Brick Town.</subfield></datafield><datafield ind1=" " ind2=" " tag="752"><subfield code="a">United States</subfield><subfield code="b">New Jersey</subfield><subfield code="c">Ocean</subfield><subfield code="d">Bricktown.</subfield></datafield><datafield ind1="1" ind2="7" tag="785"><subfield code="t">New Jersey courier</subfield><subfield code="w">(DLC)sn 84020589</subfield><subfield code="w">(OCoLC)11208969</subfield></datafield><datafield ind1="1" ind2="7" tag="785"><subfield code="t">Ocean County sun</subfield></datafield><datafield ind1="1" ind2="7" tag="785"><subfield code="t">Advertiser</subfield></datafield><datafield ind1="1" ind2="7" tag="785"><subfield code="t">Observer courier-sun</subfield><subfield code="w">(DLC)sn 85036086</subfield><subfield code="w">(OCoLC)12793519</subfield></datafield><datafield ind1="1" ind2=" " tag="029"><subfield code="a">AU@</subfield><subfield code="b">000023435328</subfield></datafield></record>